@article{Daniel2019,
author = {Daniel, V. and Inneman, A. and Vertat, I. and Baca, T. and Nentvich, O. and Urban, M. and Stehlikova, V. and Sieger, L. and Skala, P. and Filgas, R. and Zadrazil, V. and Linhart, R. and Masopust, J. and Jamroz, T. and Pina, L. and Marsikova, V. and Mikulickova, L. and Belas, E. and Pospisil, S. and Vykydal, Z. and Mora, Y. and Pavlica, R.},
doi = {10.1007/s11214-019-0589-7},
issn = {0038-6308},
journal = {Space Science Reviews},
mendeley-groups = {Marvin JINST 2019},
month = {aug},
number = {5},
pages = {40},
title = {{In-Orbit Commissioning of Czech Nanosatellite VZLUSAT-1 for the QB50 Mission with a Demonstrator of a Miniaturised Lobster-Eye X-Ray Telescope and Radiation Shielding Composite Materials}},
url = {http://link.springer.com/10.1007/s11214-019-0589-7},
volume = {215},
year = {2019}
}

@book{young2002technical,
  title={The Technical Writer's Handbook},
  author={Young, M.},
  isbn={9781891389214},
  lccn={88051695},
  url={https://books.google.cz/books?id=QkuGkEtGInYC},
  year={2002},
  publisher={University Science Books}
}
